@phdthesis{demetrio_2024_formalizing,
  author = {Demetrio, Luca},
  month = {07},
  publisher = {Università degli studi di Genova},
  title = {Formalizing evasion attacks against machine learning security detectors},
  doi = {https://hdl.handle.net/20.500.14242/101660},
  url = {https://tesidottorato.depositolegale.it/handle/20.500.14242/101660},
  urldate = {2024-09-16},
  year = {2024}
}

@article{demetrio_2021_functionalitypreserving,
  author = {Demetrio, Luca and Biggio, Battista and Lagorio, Giovanni and Roli, Fabio and Armando, Alessandro},
  pages = {3469-3478},
  title = {Functionality-Preserving Black-Box Optimization of Adversarial Windows Malware},
  doi = {10.1109/tifs.2021.3082330},
  url = {https://www.semanticscholar.org/paper/Functionality-Preserving-Black-Box-Optimization-of-Demetrio-Biggio/32ff17fb274e7c455587c30cc092d42ccce53a80},
  urldate = {2024-09-16},
  volume = {16},
  year = {2021},
  journal = {IEEE Transactions on Information Forensics and Security}
}

@article{oreilly_2020_adversarial,
  author = {O’Reilly, Una-May and Toutouh, Jamal and Pertierra, Marcos and Sanchez, Daniel Prado and Garcia, Dennis and Luogo, Anthony Erb and Kelly, Jonathan and Hemberg, Erik},
  month = {04},
  pages = {219-250},
  title = {Adversarial genetic programming for cyber security: a rising application domain where GP matters},
  doi = {10.1007/s10710-020-09389-y},
  urldate = {2024-09-16},
  volume = {21},
  year = {2020},
  journal = {Genetic Programming and Evolvable Machines}
}

@phdthesis{barotti_2023_emego,
  author = {Barotti, Matteo},
  annote = {https://hdl.handle.net/10589/208152},
  month = {10},
  title = {EMEGO: enhancing malware evasion through genetic optimization},
  year = {2023}
}

@article{madani_2023_metamorphic,
  author = {Madani, Pooria},
  month = {11},
  title = {Metamorphic Malware Evolution: The Potential and Peril of Large Language Models},
  doi = {10.1109/tps-isa58951.2023.00019},
  url = {https://ieeexplore.ieee.org/stampPDF/getPDF.jsp?tp=&arnumber=10431609&ref=aHR0cHM6Ly9pZWVleHBsb3JlLmllZWUub3JnL2RvY3VtZW50LzEwNDMxNjA5},
  urldate = {2024-09-14},
  year = {2023},
  journal = {5th IEEE International Conference on TPS-ISA}
}

@article{rathore_2023_breaking,
  author = {Rathore, Hemant and Praneeth B and Sundaraja Sitharama Iyengar and Sahay, Sanjay K},
  month = {01},
  pages = {535-550},
  publisher = {Springer Science+Business Media},
  title = {Breaking the Anti-malware: EvoAAttack Based on Genetic Algorithm Against Android Malware Detection Systems},
  doi = {10.1007/978-3-031-36030-5_43},
  urldate = {2024-09-19},
  year = {2023},
  journal = {Lecture notes in computer science}
}

@article{geng_2024_a,
  author = {Geng, Jizhao and Wang, Junfeng and Fang, Zhiyang and Zhou, Yingjie and Wu, Di and Ge, Wenhan},
  month = {02},
  pages = {103595-103595},
  publisher = {Elsevier BV},
  title = {A Survey of strategy-driven evasion methods for PE malware: Transformation, concealment, and attack},
  doi = {10.1016/j.cose.2023.103595},
  urldate = {2024-01-14},
  volume = {137},
  year = {2024},
  journal = {Computers & Security}
}

@misc{castro_2019_aimed,
  author = {Castro, Raphael Labaca and Schmitt, Corinna and Dreo, Gabi},
  month = {08},
  pages = {240–247},
  title = {AIMED: Evolving Malware with Genetic Programming to Evade Detection},
  doi = {10.1109/TrustCom/BigDataSE.2019.00040},
  url = {https://ieeexplore.ieee.org/abstract/document/8887384/?casa_token=yiVp9hx1SuQAAAAA:3BRwfIze3cPExdDGqlsmgJ0JveFeNUY_Bw-HSnQGEVR2iWvDV9muk0rPnQrTlDwRjHt9YWRi05hADys},
  urldate = {2021-12-08},
  year = {2019},
  organization = {IEEE Xplore}
}

@article{song_2022_mabmalware,
  author = {Song, Wei and Li, Xuezixiang and Sadia Afroz and Garg, Deepali and Kuznetsov, Dmitry and Yin, Heng},
  month = {05},
  title = {MAB-Malware},
  doi = {10.1145/3488932.3497768},
  year = {2022},
  journal = {}
}

@article{brezinski_2023_metamorphic,
  author = {Brezinski, K and Ferens, Ken},
  title = {Metamorphic malware and obfuscation: A survey of techniques, variants, and generation kits},
  doi = {10.1155/2023/8227751},
  url = {https://www.semanticscholar.org/paper/89bf9932daf92efaa76dfe425ca520a785de41d3},
  year = {2023},
  journal = {Security and Communication Networks}
}

@article{jin_2023_on,
  author = {Jin, Beomjin and Choi, Jusop and Hong, Jin B and Kim, Hyoungshick},
  pages = {31062-31074},
  title = {On the effectiveness of perturbations in generating evasive malware variants},
  doi = {10.1109/ACCESS.2023.3262265},
  url = {https://www.semanticscholar.org/paper/157e2f992dcc0d645b383df721ccefe7e7a3a711},
  volume = {11},
  year = {2023},
  journal = {IEEE Access}
}

@article{jiang_2024_benchmfc,
  author = {Jiang, Y and Li, Gaolei and Li, Shenghong and Guo, Ying},
  pages = {103706},
  title = {BenchMFC: A benchmark dataset for trustworthy malware family classification under concept drift},
  doi = {10.1016/j.cose.2024.103706},
  url = {https://www.semanticscholar.org/paper/e39cdfb561f3b8055b77f9f62c3a3c3c5a73916a},
  volume = {139},
  year = {2024},
  journal = {Comput. Secur.}
}

@article{pandey_2022_evading,
  author = {Pandey, Saurabh and Kumar, Nitesh and Handa, Anand and Shukla, S},
  pages = {1743-1763},
  title = {Evading malware classifiers using RL agent with action-mask},
  doi = {10.1007/s10207-023-00715-w},
  url = {https://www.semanticscholar.org/paper/948730fe1a2e04fa5c9f488c72b67a941c4c3bd6},
  volume = {22},
  year = {2022},
  journal = {International Journal of Information Security}
}

@article{liu_2024_memapidet,
  author = {Liu, Jiaxi and Huang, Kezhen and Feng, Yun and Chen, Canhua and Zhang, Jinli and Shu, Yuqi and Tian, Xing and Liu, Qixu},
  pages = {2918-2924},
  title = {MemAPIDet: A novel memory-resident malware detection framework combining API sequence and memory features},
  doi = {10.1109/CSCWD61410.2024.10580589},
  url = {https://www.semanticscholar.org/paper/558921cf47cf8707abf7e40fdcff8ef09f8a0917},
  year = {2024},
  journal = {2024 27th International Conference on Computer Supported Cooperative Work in Design (CSCWD)}
}

@article{pascalmaniriho_2023_a,
  author = {Pascal Maniriho and Mahmood, A and Jabed, Mohammad},
  pages = {111921},
  title = {A systematic literature review on Windows malware detection: Techniques, research issues, and future directions},
  doi = {10.1016/j.jss.2023.111921},
  url = {https://www.semanticscholar.org/paper/3cd67abd317ee15a0b8ab9b2099a421549f556a6},
  volume = {209},
  year = {2023},
  journal = {J. Syst. Softw.}
}

@article{coscia_2023_yamme,
  author = {Coscia, Anthony J and Dentamaro, Vincenzo and Stefano Galantucci and Maci, Antonio and G. Pirlo},
  pages = {4530-4545},
  title = {YAMME: a YAra-byte-signatures metamorphic mutation engine},
  doi = {10.1109/TIFS.2023.3294059},
  url = {https://www.semanticscholar.org/paper/94662a385f5fb50ef60c8c12b5bdc71377aad575},
  volume = {18},
  year = {2023},
  journal = {IEEE Transactions on Information Forensics and Security}
}

@article{abdelwahed_2023_detecting,
  author = {Abdelwahed, Mustafa F and Kamal, Mustafa M and Sayed, Samir G},
  pages = {84772-84784},
  title = {Detecting malware activities with MalpMiner: A dynamic analysis approach},
  doi = {10.1109/ACCESS.2023.3266562},
  url = {https://www.semanticscholar.org/paper/b76b92080e87a093a7d01f2b5bf09a6d91015530},
  volume = {11},
  year = {2023},
  journal = {IEEE Access}
}

@article{alqahtani_2023_webbased,
  author = {Alqahtani, Ali and Sumayya Azzony and Leen Alsharafi and Maha Alaseri},
  pages = {273-285},
  title = {Web-based malware detection system using convolutional neural network},
  doi = {10.3390/digital3030017},
  url = {https://www.semanticscholar.org/paper/b7717b3b331885143703ee64bd4fd8c78e247812},
  volume = {3},
  year = {2023},
  journal = {Digit.}
}

@article{wu_2022_iot,
  author = {Wu, Chia-Yi and Ban, Tao and Cheng, Shin-Ming and Takahashi, Takeshi and Inoue, D},
  pages = {103060},
  title = {IoT malware classification based on reinterpreted function-call graphs},
  doi = {10.1016/j.cose.2022.103060},
  url = {https://www.semanticscholar.org/paper/6f77eb751817a3c39968c0f59bf0e3f814f77fc4},
  volume = {125},
  year = {2022},
  journal = {Comput. Secur.}
}

@article{fatemehdeldar_2023_deep,
  author = {Fatemeh Deldar and Abadi, M},
  pages = {1 - 37},
  title = {Deep learning for zero-day malware detection and classification: A survey},
  doi = {10.1145/3605775},
  url = {https://www.semanticscholar.org/paper/07dc421b957e44ad67425da31ea94b986a8828a6},
  volume = {56},
  year = {2023},
  journal = {ACM Computing Surveys}
}

@article{shin_2023_system,
  author = {Shin, Kyounga and Lee, Yunho and Lim, Jung-Gon and Kang, Hong-Yol and Lee, Sangjin},
  pages = {53788-53805},
  title = {System API vectorization for malware detection},
  doi = {10.1109/ACCESS.2023.3276902},
  url = {https://www.semanticscholar.org/paper/b9ae8499ade726ed6a1503bd181d58c3590fab95},
  volume = {11},
  year = {2023},
  journal = {IEEE Access}
}

@article{aboaoja_2023_a,
  author = {Aboaoja, Faitour A and A. Zainal and Ghaleb, Fuad A and Alghamdi, N and Saeed, Faisal and H. Alhuwayji},
  title = {A Kullback-Liebler divergence-based representation algorithm for malware detection},
  doi = {10.7717/peerj-cs.1492},
  url = {https://www.semanticscholar.org/paper/584e5098676ded3385826763bbebbc3b7f1be54d},
  volume = {9},
  year = {2023},
  journal = {PeerJ Computer Science}
}

@article{nunes_2022_bane,
  author = {Nunes, Matthew and Burnap, P and Reinecke, P and Lloyd, Kaelon},
  pages = {103202},
  title = {Bane or Boon: Measuring the effect of evasive malware on system call classifiers},
  doi = {10.1016/j.jisa.2022.103202},
  url = {https://www.semanticscholar.org/paper/9110bcb0dd84df35ba0cfc5cd8e0808074b36701},
  volume = {67},
  year = {2022},
  journal = {J. Inf. Secur. Appl.}
}

@article{pascalmaniriho_2023_apimaldetect,
  author = {Pascal Maniriho and Mahmood, A and Chowdhury, M},
  pages = {103704},
  title = {API-MalDetect: Automated malware detection framework for windows based on API calls and deep learning techniques},
  doi = {10.1016/j.jnca.2023.103704},
  url = {https://www.semanticscholar.org/paper/30d8f103e0b4bc979736be4090041d157b59adf5},
  volume = {218},
  year = {2023},
  journal = {J. Netw. Comput. Appl.}
}

@article{choi_2019_amvg,
  author = {Choi, Jusop and Shin, Dongsoon and Kim, Hyoungshick and Seotis, Jason and Hong, Jin B},
  pages = {246ff},
  title = {AMVG: Adaptive malware variant generation framework using machine learning},
  doi = {10.1109/PRDC47002.2019.00055},
  url = {https://www.semanticscholar.org/paper/22408445118b419a7ec3b72db9df52c3a9e8d610},
  year = {2019},
  journal = {2019 IEEE 24th Pacific Rim International Symposium on Dependable Computing (PRDC)}
}

@article{phan_2022_leveraging,
  author = {Phan, The Duy and Luong, Tran Duc and , An and Huu, Quyen Nguyen and Hoang Khoa Nghi and Pham, V},
  title = {Leveraging reinforcement learning and generative adversarial networks to craft mutants of windows malware against black-box malware detectors},
  doi = {10.1145/3568562.3568636},
  url = {https://www.semanticscholar.org/paper/eff713f0d841a1be5afb1a8279dbf1883414b938},
  year = {2022},
  journal = {Proceedings of the 11th International Symposium on Information and Communication Technology}
}

@article{jin_2021_fumvar,
  author = {Jin, Beomjin and Choi, Jusop and Kim, Hyoungshick and Hong, Jin B},
  title = {FUMVar: a practical framework for generating fully-working and unseen malware variants},
  doi = {10.1145/3412841.3442039},
  url = {https://www.semanticscholar.org/paper/b15756a2d847f874818f3551d51295c0af4938c0},
  year = {2021},
  journal = {Proceedings of the 36th Annual ACM Symposium on Applied Computing}
}

@article{alkhateeb_2023_a,
  author = {Alkhateeb, Ehab and Ghorbani, Ali A and Arash Habibi Lashkari},
  pages = {1-27},
  title = {A survey on run-time packers and mitigation techniques},
  doi = {10.1007/s10207-023-00759-y},
  url = {https://www.semanticscholar.org/paper/91d1a79fa877e350eaa6f46e7b8d644e74f8ff2f},
  year = {2023},
  journal = {International Journal of Information Security}
}

@article{tian_2024_functionalityverification,
  author = {Tian, Buwei and Jiang, Junyong and He, Zicheng and Yuan, Xin and Dong, Lu and Sun, Changyin},
  pages = {8500-8514},
  title = {Functionality-verification attack framework based on reinforcement learning against static malware detectors},
  doi = {10.1109/TIFS.2024.3453047},
  url = {https://www.semanticscholar.org/paper/f0317ee9ef5a611a807b32827da3f638b028481e},
  volume = {19},
  year = {2024},
  journal = {IEEE Transactions on Information Forensics and Security}
}

@article{aboaoja_2022_malware,
  author = {Aboaoja, Faitour A and Zainal, A. and Ghaleb, Fuad A and Al-rimy, B. and Eisa, T. and Elnour, Hassan},
  title = {Malware detection issues, challenges, and future directions: A survey},
  doi = {10.3390/app12178482},
  url = {https://www.semanticscholar.org/paper/ee456c67e12692fda73df07eccfa5c3d26d02388},
  year = {2022},
  journal = {Applied Sciences}
}

@article{wang_2022_a,
  author = {Wang, Fangwei and Lu, Yuanyuan and Li, Qingru and Wang, Changguang and Bai, Yonglei},
  pages = {1-8},
  title = {A co-evolutionary algorithm-based malware adversarial sample generation method},
  doi = {10.1109/DSC54232.2022.9888884},
  url = {https://www.semanticscholar.org/paper/8b1d223c88c10132c669dd25a649a392ba3e8cfd},
  year = {2022},
  journal = {2022 IEEE Conference on Dependable and Secure Computing (DSC)}
}

@article{malik_2023_developing,
  author = {Malik, Muhammad Imran and Ibrahim, Ahmed and Hannay, P and L. Sikos},
  pages = {79},
  title = {Developing resilient cyber-physical systems: A review of state-of-the-art malware detection approaches, gaps, and future directions},
  doi = {10.3390/computers12040079},
  url = {https://www.semanticscholar.org/paper/12bfb62ee10f637d32b6d8ebad163ff01ffb100e},
  volume = {12},
  year = {2023},
  journal = {Comput.}
}

@article{yuste_2022_optimization,
  author = {Yuste, Javier and Pardo, Eduardo G. and Tapiador, Juan},
  month = {05},
  pages = {102643},
  title = {Optimization of code caves in malware binaries to evade machine learning detectors},
  doi = {10.1016/j.cose.2022.102643},
  volume = {116},
  year = {2022},
  journal = {Computers & Security}
}

@article{demetrio_2021_adversarial,
  author = {Demetrio, Luca and Coull, Scott E. and Biggio, Battista and Lagorio, Giovanni and Armando, Alessandro and Roli, Fabio},
  month = {11},
  pages = {1-31},
  title = {Adversarial EXEmples},
  doi = {10.1145/3473039},
  urldate = {2021-12-10},
  volume = {24},
  year = {2021},
  journal = {ACM Transactions on Privacy and Security}
}

@article{demetrio_2022_practical,
  author = {Demetrio, Luca and Biggio, Battista and Roli, Fabio},
  month = {09},
  pages = {77-85},
  title = {Practical Attacks on Machine Learning: A Case Study on Adversarial Windows Malware},
  doi = {10.1109/msec.2022.3182356},
  url = {https://arxiv.org/pdf/2207.05548.pdf},
  urldate = {2022-11-03},
  volume = {20},
  year = {2022},
  journal = {IEEE Security & Privacy}
}

@misc{castro_2019_armed,
  author = {Castro, Raphael Labaca and Schmitt, Corinna and Rodosek, Gabi Dreo},
  month = {03},
  pages = {20–27},
  title = {ARMED: How Automatic Malware Modifications Can Evade Static Detection?},
  doi = {10.1109/INFOMAN.2019.8714698},
  url = {https://ieeexplore.ieee.org/abstract/document/8714698},
  year = {2019},
  organization = {IEEE Xplore}
}

@article{sharif_2019_optimizationguided,
  author = {Sharif, Mahmood and Lucas, Keane and Bauer, Lujo and Reiter, Michael K and Shintre, Saurabh},
  annote = {arXiv preprint arXiv:1912.09064, 2019.},
  title = {Optimization-guided binary diversification to mislead neural networks for malware},
  year = {2019},
  journal = {}
}

@article{shetty_2020_an,
  author = {Shetty, Nahush},
  title = {An In-depth Survey on Malware Detection Techniques},
  doi = {10.2139/ssrn.3705523},
  year = {2020},
  journal = {SSRN Electronic Journal}
}

@article{aslan_2020_a,
  author = {Aslan, Ömer Aslan and Samet, Refik},
  month = {01},
  pages = {6249–6271},
  title = {A Comprehensive Review on Malware Detection Approaches},
  doi = {10.1109/ACCESS.2019.2963724},
  url = {https://ieeexplore.ieee.org/document/8949524},
  volume = {8},
  year = {2020},
  journal = {IEEE Access}
}

@article{murali_2023_evolving,
  author = {Murali, Ritwik and Thangavel, Palanisamy and Shunmuga Velayutham, C.},
  month = {09},
  pages = {120092},
  title = {Evolving malware variants as antigens for antivirus systems},
  doi = {10.1016/j.eswa.2023.120092},
  urldate = {2023-05-03},
  volume = {226},
  year = {2023},
  journal = {Expert Systems with Applications}
}

@misc{yara,
  title = {YARA - The pattern matching swiss knife for malware researchers},
  url = {https://virustotal.github.io/yara/},
  organization = {virustotal.github.io}
}

@article{pan_2023_generation,
  author = {Pan, Siyi and Sun, Aoxiang and Xu, Yingmei and Liang, Zhuoqian and Sun, Yuxia},
  month = {05},
  pages = {936-942},
  title = {Generation of Adversarial Malware Based on Genetic Algorithm and Instruction Replacement},
  doi = {10.1145/3603781.3604217},
  urldate = {2024-11-09},
  year = {2023},
  journal = {}
}

@article{giannidangelo_2024_an,
  author = {Gianni D’Angelo and Palmieri, Francesco and Robustelli, Antonio},
  month = {01},
  pages = {53-70},
  publisher = {Springer Science+Business Media},
  title = {An Android Malware Multi-class Classification Explained Through Genetic Programming},
  doi = {10.1007/978-3-031-65223-3_4},
  urldate = {2024-11-09},
  year = {2024},
  journal = {Lecture notes in computer science}
}

@article{xie_2023_gastackingmd,
  author = {Xie, Nannan and Qin, Zhaowei and Di, Xiaoqiang},
  month = {01},
  pages = {2629},
  title = {GA-StackingMD: Android Malware Detection Method Based on Genetic Algorithm Optimized Stacking},
  doi = {10.3390/app13042629},
  url = {https://www.mdpi.com/2076-3417/13/4/2629},
  volume = {13},
  year = {2023},
  journal = {Applied Sciences}
}

@article{dyrmishi_2023_on,
  author = {Dyrmishi, Salijona and Ghamizi, Salah and Simonetto, Thibault and Traon, Yves Le and Cordy, Maxime},
  month = {05},
  pages = {1384-1400},
  publisher = {IEEE},
  title = {On The Empirical Effectiveness of Unrealistic Adversarial Hardening Against Realistic Adversarial Attacks},
  doi = {10.1109/sp46215.2023.10179316},
  url = {https://ieeexplore.ieee.org/abstract/document/10179316},
  urldate = {2024-11-09},
  year = {2023},
  journal = {2023 IEEE Symposium on Security and Privacy (SP)}
}

@article{nawaz_2022_on,
  author = {Nawaz, Umair and Aleem, Muhammad and Lin, Jerry Chun-Wei},
  month = {06},
  title = {On the evaluation of android malware detectors against code-obfuscation techniques},
  doi = {10.7717/peerj-cs.1002},
  volume = {8},
  year = {2022},
  journal = {PeerJ Computer Science}
}

@article{elsersy_2022_the,
  author = {Elsersy, Wael F. and Feizollah, Ali and Anuar, Nor Badrul},
  month = {03},
  title = {The rise of obfuscated Android malware and impacts on detection methods},
  doi = {10.7717/peerj-cs.907},
  volume = {8},
  year = {2022},
  journal = {PeerJ Computer Science}
}

@article{zhang_2019_a,
  author = {Zhang, Jixin and Qin, Zheng and Yin, Hui and Ou, Lu and Zhang, Kehuan},
  month = {07},
  pages = {376–392},
  title = {A feature-hybrid malware variants detection using CNN based opcode embedding and BPNN based API embedding},
  doi = {10.1016/j.cose.2019.04.005},
  url = {https://www.sciencedirect.com/science/article/pii/S0167404818312902?},
  urldate = {2020-12-11},
  volume = {84},
  year = {2019},
  journal = {Computers & Security}
}

@article{kang_2020_a,
  author = {Kang, Jinsu and Won, Yoojae},
  pages = {882–895},
  title = {A Study on Variant Malware Detection Techniques Using Static and Dynamic Features},
  doi = {10.3745/JIPS.03.0145},
  url = {https://koreascience.kr/article/JAKO202026964745244.page},
  urldate = {2023-05-06},
  volume = {16},
  year = {2020},
  journal = {Journal of Information Processing Systems}
}

@article{baterdene_2017_packer,
  author = {Bat-Erdene, Munkhbayar and Kim, Taebeom and Park, Hyundo and Lee, Heejo},
  month = {03},
  pages = {125},
  title = {Packer Detection for Multi-Layer Executables Using Entropy Analysis},
  doi = {10.3390/e19030125},
  urldate = {2020-07-14},
  volume = {19},
  year = {2017},
  journal = {Entropy}
}

@article{cesare_2013_malwisean,
  author = {Cesare, Silvio and Xiang, Yang and Zhou, Wanlei},
  month = {06},
  pages = {1193-1206},
  title = {Malwise—An Effective and Efficient Classification System for Packed and Polymorphic Malware},
  doi = {10.1109/tc.2012.65},
  urldate = {2020-12-18},
  volume = {62},
  year = {2013},
  journal = {IEEE Transactions on Computers}
}

@article{faruki_2023_a,
  author = {Faruki, Parvez and Bhan, Rati and Jain, Vinesh and Bhatia, Sajal and El Madhoun, Nour and Pamula, Rajendra},
  month = {07},
  pages = {374},
  title = {A Survey and Evaluation of Android-Based Malware Evasion Techniques and Detection Frameworks},
  doi = {10.3390/info14070374},
  url = {https://www.mdpi.com/2078-2489/14/7/374},
  volume = {14},
  year = {2023},
  journal = {Information}
}

@article{noreen_2009_evolvable,
  author = {Noreen, S. and Murtaza, S and Shafiq, M. Z.  and Farooq, M.},
  pages = {1569-1576},
  title = {Evolvable Malware},
  year = {2009},
  journal = {Proc. of the 11th Annual Conference on Genetic and Evolutionary Computation}
}

@article{alejandro_2024_a,
  author = {Alejandro, Mario and Hemberg, Erik and Toutouh, Jamal and Una-May O'Reilly and Per Kristian Lehre},
  month = {07},
  title = {A Self-adaptive Coevolutionary Algorithm},
  doi = {10.1145/3638529.3654132},
  urldate = {2024-12-02},
  year = {2024},
  journal = {Proceedings of the Genetic and Evolutionary Computation Conference}
}

@misc{ab_2024_tlpt,
  author = {AB, Springflod},
  title = {TLPT Regulation (Threat-led penetration testing) - Full text},
  url = {https://www.dora-info.eu/rts-tlpt/},
  urldate = {2024-12-09},
  year = {2024},
  organization = {Dora-info.eu}
}

@misc{dey_2024_antivirus,
  author = {Dey, Maitrayee},
  month = {10},
  title = {Antivirus Statistics By Software Market, Technology, Pay Users, User Share, Types And Features},
  url = {https://www.sci-tech-today.com/stats/antivirus-statistics/},
  urldate = {2024-12-09},
  year = {2024},
  organization = {Sci-Tech Today}
}

@article{holm_2023_hide,
  author = {Holm, Hannes and Hyllienmark, Erik},
  month = {12},
  pages = {2989-2998},
  title = {Hide My Payload: An Empirical Study of Antimalware Evasion Tools},
  doi = {10.1109/bigdata59044.2023.10386838},
  url = {https://ieeexplore.ieee.org/abstract/document/10386838},
  urldate = {2024-12-04},
  year = {2023},
  journal = {2021 IEEE International Conference on Big Data (Big Data)}
}

@phdthesis{wauters_2024_building,
  author = {Wauters, Dimitri},
  month = {12},
  title = {Building a mutation tool for malware},
  url = {http://hdl.handle.net/2078.1/thesis:38708},
  urldate = {2024-12-10},
  year = {2024}
}

@misc{schultz_2001_data,
  author = {Schultz, M. G. and Eskin, E. and Zadok, F. and Stolfo, S. J.},
  month = {05},
  pages = {38–49},
  title = {Data mining methods for detection of new malicious executables},
  doi = {10.1109/SECPRI.2001.924286},
  url = {https://ieeexplore.ieee.org/abstract/document/924286/},
  year = {2001},
  organization = {IEEE Xplore}
}

@article{blickle_1996_a,
  author = {Blickle, Tobias and Thiele, Lothar},
  month = {12},
  pages = {361-394},
  title = {A Comparison of Selection Schemes Used in Evolutionary Algorithms},
  doi = {10.1162/evco.1996.4.4.361},
  volume = {4},
  year = {1996},
  journal = {Evolutionary Computation}
}

@article{miller_1995_genetic,
  author = {Miller, B L and Goldberg, D},
  title = {Genetic Algorithms, Tournament Selection, and the Effects of Noise},
  url = {https://wpmedia.wolfram.com/sites/13/2018/02/09-3-2.pdf},
  urldate = {2024-12-13},
  year = {1995},
  journal = {Complex Systems}
}

@misc{icyguider_2022_github,
  author = {icyguider},
  title = {GitHub - icyguider/Nimcrypt2: .NET, PE, & Raw Shellcode Packer/Loader Written in Nim},
  url = {https://github.com/icyguider/Nimcrypt2},
  urldate = {2024-12-18},
  year = {2022},
  organization = {GitHub}
}

@misc{klotz_2023_windows,
  author = {Klotz, Aaron},
  month = {10},
  title = {Windows 10 Still More Popular Than Windows 11, Two Years Later},
  url = {https://www.tomshardware.com/news/windows-10-still-more-popular-than-windows-11-two-years-later},
  year = {2023},
  organization = {Tom's Hardware}
}

@book{holland_1992_adaptation,
  author = {Holland, John H},
  publisher = {The Mit Press},
  title = {ADAPTATION IN NATURAL AND ARTIFICIAL SYSTEMS : an Introductory Analysis with Applications to Biology, Control, and Artificial Intelligence},
  year = {1992}
}

@article{li_2024_automatically,
  author = {Li, Haocong and Li, Jie},
  month = {05},
  pages = {595-599},
  title = {Automatically Generate Malware Detection Rules By Extracting Risk Information},
  doi = {10.1145/3670105.3670209},
  urldate = {2025-01-03},
  year = {2024},
  journal = {}
}

@article{lockett_2021_assessing,
  author = {Lockett, Adam},
  month = {11},
  publisher = {Cornell University},
  title = {Assessing the Effectiveness of YARA Rules for Signature-Based Malware
  Detection and Classification},
  doi = {10.48550/arxiv.2111.13910},
  year = {2021},
  journal = {arXiv (Cornell University)}
}